% From https://developerinsider.co/c-programming-language-cheat-sheet/ - 2019-03-22

@article{leung1980scheduling,
  title={A note on preemptive scheduling of periodic, real-time tasks},
  author={Leung, Joseph Y-T and Merrill, ML},
  journal={Information processing letters},
  volume={11},
  number={3},
  pages={115--118},
  year={1980},
  publisher={Elsevier}
}

@misc{Choudhary,
  author     = {{Choudhary}, V.},
  title      = {{C Programming Language Cheat Sheet}},
  year       = {2019},
  url        = {https://developerinsider.co/c-programming-language-cheat-sheet/},
  note       = "Visited 2019-03-22"
}

@ARTICLE{BibTeXentries,
   author = {{\LaTeX\ Stack Exchange}},
    title = "{What are good sites to find citations in BibTex format?}",
  journal = {\url{https://tex.stackexchange.com/a/207/42066}},
     year = 2020,
}

