@misc{wiki:Cron,
   author = "Wikipedia",
   title = "Cron",
   url = "https://en.wikipedia.org/wiki/Cron",
   note = "Visited 2018-03-12"
}

@misc{Tux,
   author = {{Ewing}, L.},
    title = "{Linux 2.0 Penguins}",
      url = {http://isc.tamu.edu/~lewing/linux/},
     year = 1996,
     note = "Visited 2017-09-01"
}

@misc{gcc,
  author     = {{The GCC project}},
  title      = {{GCC, the GNU Compiler Collection}},
  year       = {2018},
  url        = {https://gcc.gnu.org/}
}

@misc{LinusQuote01,
   author = {{Wikiquote}},
    title = "{Linus Torvalds}",
  journal = {Wikiquote},
      url = {https://en.wikiquote.org/wiki/Linus_Torvalds#2012},
     year = 2012,
     note = "Visited 2017-01-25"
}

@misc{AndroidDevices,
   author = {{Wikipedia}},
    title = "{Worldwide device shipments}",
  journal = {Wikipedia},
      url = {https://en.wikipedia.org/wiki/Usage_share_of_operating_systems#Worldwide_device_shipments},
     note = "Visited 2017-01-25"
}

